
@Book{		  bronstein:12,
  title		= {Taschenbuch der Mathematik},
  publisher	= {Verlag Harri Deutsch},
  year		= {2012},
  editor	= {Bron{\v{s}}tejn, Il'ja N. and Semendjajew, Konstantin A. and Musiol, Gerhard and M{\"{u}}hlig, Heiner},
  address	= {Frankfurt am Main},
  edition	= {8},
  isbn		= {978-3-8171-2018-5 ; 978-3-8171-2008-6},
  language	= {ngerman}
}

@Book{		  trees:68,
  author	= {H. van Trees},
  title		= {Detection, Estimation and Modulation Theory},
  publisher	= {Wiley},
  address	= {New York},
  year		= {1968},
  language	= {USenglish}
}

@Book{		  young:95,
  author	= {Randy K. Young},
  title		= {Wavelet Theory and its Applications},
  publisher	= {Kluwer Academic publishers},
  address	= {Boston},
  year		= {1995},
  language	= {USenglish}
}

@Manual{	  biblatex,
  author	= {Lehman, Philipp and Kime, Philip and Boruvka, Audrey and Wright, Joseph},
  title		= {The biblatex Package: Programmable Bibliographies and Citations},
  edition	= {2.7a},
  year		= {2013},
  month		= jul
}
